<?xml version="1.0" encoding="UTF-8"?><collection xmlns="http://www.loc.gov/MARC21/slim"><record><leader>00419nam--2200133-i-4500</leader><controlfield tag="001">000030233</controlfield><controlfield tag="002">20161230</controlfield><controlfield tag="005">20161230201038</controlfield><controlfield tag="008">060222s1000------------r-----000-0-eng-d</controlfield><datafield ind1=" " ind2=" " tag="080"><subfield code="a">547:015:543.47</subfield></datafield><datafield ind1=" " ind2=" " tag="100"><subfield code="a">Luneau, Serge</subfield></datafield><datafield ind1=" " ind2=" " tag="245"><subfield code="a">Polarimetrie aux radiofrequences: mesure de la valeur algebrique du facteur g de quelques etats du formol. these</subfield></datafield><datafield ind1=" " ind2=" " tag="260"><subfield code="a">Besancon, Faculte Des Sciences, 1971, 26p</subfield></datafield><datafield ind1=" " ind2=" " tag="852"><subfield code="a">38032</subfield></datafield></record></collection>